<?xml version="1.0" encoding="UTF-8"?>

                <record xmlns="http://www.loc.gov/MARC21/slim">
                    <leader>01893nam a2200541 ca4500</leader>
                    <controlfield tag="001">990085236280203331</controlfield>
                    <controlfield tag="005">20210112104635.0</controlfield>
                    <controlfield tag="007">tu</controlfield>
                    <controlfield tag="008">110418|########|||###########|||#u#ger#c</controlfield>
                    <controlfield tag="009">AC08491103</controlfield>
                    <datafield tag="015" ind1=" " ind2=" ">
                        <subfield code="a">10,N51</subfield>
                        <subfield code="2">dnb</subfield>
                    </datafield>
                    <datafield tag="016" ind1="7" ind2=" ">
                        <subfield code="a">1013957733</subfield>
                        <subfield code="2">DE-101b</subfield>
                    </datafield>
                    <datafield tag="020" ind1=" " ind2=" ">
                        <subfield code="a">9783205786122</subfield>
                        <subfield code="c">geb. : EUR 149,00 (Bd. 1 - 3)</subfield>
                    </datafield>
                    <datafield tag="024" ind1="3" ind2=" ">
                        <subfield code="a">9783205786122</subfield>
                    </datafield>
                    <datafield tag="035" ind1=" " ind2=" ">
                        <subfield code="a">(AT-OBV)AC08491103</subfield>
                    </datafield>
                    <datafield tag="035" ind1=" " ind2=" ">
                        <subfield code="a">(DE-599)DNB1013957733</subfield>
                    </datafield>
                    <datafield tag="040" ind1=" " ind2=" ">
                        <subfield code="a">UBS</subfield>
                        <subfield code="b">ger</subfield>
                        <subfield code="d">PAR</subfield>
                        <subfield code="e">rakwb</subfield>
                    </datafield>
                    <datafield tag="041" ind1=" " ind2=" ">
                        <subfield code="a">ger</subfield>
                    </datafield>
                    <datafield tag="044" ind1=" " ind2=" ">
                        <subfield code="c">XA-AT</subfield>
                    </datafield>
                    <datafield tag="082" ind1="0" ind2="4">
                        <subfield code="a">943.6043092</subfield>
                        <subfield code="q">DE-101</subfield>
                        <subfield code="2">22/ger</subfield>
                    </datafield>
                    <datafield tag="084" ind1=" " ind2=" ">
                        <subfield code="a">940</subfield>
                        <subfield code="q">DE-101</subfield>
                        <subfield code="2">sdnb</subfield>
                    </datafield>
                    <datafield tag="084" ind1=" " ind2=" ">
                        <subfield code="a">15.60</subfield>
                        <subfield code="2">bkl</subfield>
                    </datafield>
                    <datafield tag="084" ind1=" " ind2=" ">
                        <subfield code="a">NP 5915</subfield>
                        <subfield code="2">rvk</subfield>
                    </datafield>
                    <datafield tag="089" ind1="0" ind2="4">
                        <subfield code="a">943.6043092</subfield>
                        <subfield code="c">943.6043</subfield>
                        <subfield code="e">DDC22ger</subfield>
                        <subfield code="f">092</subfield>
                    </datafield>
                    <datafield tag="090" ind1=" " ind2=" ">
                        <subfield code="f">b</subfield>
                        <subfield code="h">h</subfield>
                    </datafield>
                    <datafield tag="100" ind1="1" ind2=" ">
                        <subfield code="a">Andrian-Werburg, Victor &lt;&lt;von>></subfield>
                        <subfield code="d">1813-1858</subfield>
                        <subfield code="0">(DE-588)11631012X</subfield>
                        <subfield code="4">aut</subfield>
                    </datafield>
                    <datafield tag="245" ind1="1" ind2="0">
                        <subfield code="a">"Österreich wird meine Stimme erkennen lernen wie die Stimme Gottes in der Wüste"</subfield>
                        <subfield code="b">Tagebücher 1839 - 1858</subfield>
                        <subfield code="c">Viktor Franz Freiherr von Andrian-Werburg. Eingel. und hrsg. von Franz Adlgasser</subfield>
                    </datafield>
                    <datafield tag="264" ind1=" " ind2="1">
                        <subfield code="a">Wien [u.a.]</subfield>
                        <subfield code="b">Böhlau</subfield>
                    </datafield>
                    <datafield tag="300" ind1=" " ind2=" ">
                        <subfield code="c">25 cm</subfield>
                    </datafield>
                    <datafield tag="490" ind1="1" ind2=" ">
                        <subfield code="a">Veröffentlichungen der Kommission für Neuere Geschichte Österreichs</subfield>
                        <subfield code="v">98</subfield>
                    </datafield>
                    <datafield tag="689" ind1="0" ind2="0">
                        <subfield code="a">Andrian-Werburg, Victor &lt;&lt;von>></subfield>
                        <subfield code="d">1813-1858</subfield>
                        <subfield code="D">p</subfield>
                        <subfield code="0">(DE-588)11631012X</subfield>
                    </datafield>
                    <datafield tag="689" ind1="0" ind2="1">
                        <subfield code="a">Tagebuch</subfield>
                        <subfield code="D">s</subfield>
                        <subfield code="0">(DE-588)4058900-6</subfield>
                    </datafield>
                    <datafield tag="689" ind1="0" ind2=" ">
                        <subfield code="5">AT-OBV</subfield>
                        <subfield code="5">UBSRS PARLIA</subfield>
                    </datafield>
                    <datafield tag="689" ind1="1" ind2="0">
                        <subfield code="a">Österreich</subfield>
                        <subfield code="D">g</subfield>
                        <subfield code="0">(DE-588)4043271-3</subfield>
                    </datafield>
                    <datafield tag="689" ind1="1" ind2="1">
                        <subfield code="a">Geschichte 1839-1858</subfield>
                        <subfield code="A">z</subfield>
                    </datafield>
                    <datafield tag="689" ind1="1" ind2="2">
                        <subfield code="a">Quelle</subfield>
                        <subfield code="A">f</subfield>
                    </datafield>
                    <datafield tag="689" ind1="1" ind2=" ">
                        <subfield code="5">AT-OBV</subfield>
                        <subfield code="5">UBSRS.</subfield>
                    </datafield>
                    <datafield tag="689" ind1="2" ind2="0">
                        <subfield code="a">Vormärz</subfield>
                        <subfield code="D">s</subfield>
                        <subfield code="0">(DE-588)4063986-1</subfield>
                    </datafield>
                    <datafield tag="689" ind1="2" ind2="1">
                        <subfield code="a">Revolution</subfield>
                        <subfield code="g">1848</subfield>
                        <subfield code="D">s</subfield>
                        <subfield code="0">(DE-588)4049688-0</subfield>
                    </datafield>
                    <datafield tag="689" ind1="2" ind2=" ">
                        <subfield code="5">AT-OBV</subfield>
                        <subfield code="5">PARLIA</subfield>
                    </datafield>
                    <datafield tag="700" ind1="1" ind2=" ">
                        <subfield code="a">Adlgasser, Franz</subfield>
                        <subfield code="d">1963-</subfield>
                        <subfield code="0">(DE-588)115424881</subfield>
                        <subfield code="4">edt</subfield>
                    </datafield>
                    <datafield tag="830" ind1=" " ind2="0">
                        <subfield code="w">(AT-OBV)AC00112585</subfield>
                        <subfield code="v">98</subfield>
                        <subfield code="9">O:1</subfield>
                    </datafield>
                    <datafield tag="852" ind1="0" ind2="1">
                        <subfield code="a">43ACC_UBK</subfield>
                        <subfield code="6">990006860200203346</subfield>
                        <subfield code="9">P</subfield>
                    </datafield>
                    <datafield tag="970" ind1="1" ind2=" ">
                        <subfield code="c">54</subfield>
                    </datafield>
                    <datafield tag="970" ind1="4" ind2=" ">
                        <subfield code="b">ILTIS</subfield>
                    </datafield>
                    <datafield tag="974" ind1="0" ind2="s">
                        <subfield code="F">030</subfield>
                        <subfield code="A">a|1ucr|z|||37</subfield>
                    </datafield>
                    <datafield tag="974" ind1="0" ind2="s">
                        <subfield code="F">050</subfield>
                        <subfield code="A">a|a|||||||||||</subfield>
                    </datafield>
                    <datafield tag="974" ind1="0" ind2="s">
                        <subfield code="F">051</subfield>
                        <subfield code="A">tz||z|||</subfield>
                    </datafield>
                    <datafield tag="974" ind1="0" ind2="s">
                        <subfield code="V">580</subfield>
                        <subfield code="a">PX201106</subfield>
                    </datafield>
                </record>
            